<?xml version="1.0" encoding="UTF-8"?><collection xmlns="http://www.loc.gov/MARC21/slim"><record><leader>00317nam--2200133-i-4500</leader><controlfield tag="001">000044725</controlfield><controlfield tag="002">20161230</controlfield><controlfield tag="005">20161230201044</controlfield><controlfield tag="008">060222s1000------------r-----000-0-eng-d</controlfield><datafield ind1=" " ind2=" " tag="080"><subfield code="a">661</subfield></datafield><datafield ind1=" " ind2=" " tag="100"><subfield code="a">Timis, Liviu</subfield></datafield><datafield ind1=" " ind2=" " tag="245"><subfield code="a">Materiale noi cu proprietati speciale</subfield></datafield><datafield ind1=" " ind2=" " tag="260"><subfield code="a">Bucuresti, Inid, 1989, 80p</subfield></datafield><datafield ind1=" " ind2=" " tag="852"><subfield code="a">79844</subfield></datafield></record></collection>